<record><leader>00000cas a2200000 a 4500</leader><controlfield tag="001">3022513</controlfield><controlfield tag="008">770607d196819uutnu x ne      0    0eng c</controlfield><datafield ind1=" " ind2=" " tag="010"><subfield code="a">sn 94050918 </subfield></datafield><datafield ind1=" " ind2=" " tag="040"><subfield code="a">UCU</subfield><subfield code="b">eng</subfield><subfield code="c">UCU</subfield><subfield code="d">OCL</subfield><subfield code="d">MUL</subfield><subfield code="d">ANU</subfield><subfield code="d">TGN</subfield><subfield code="d">WAU</subfield><subfield code="d">NYS</subfield><subfield code="d">GBVCP</subfield><subfield code="d">OCLCQ</subfield><subfield code="d">OCLCF</subfield><subfield code="d">OCLCO</subfield></datafield><datafield ind1=" " ind2=" " tag="015"><subfield code="a">010590811</subfield><subfield code="2">dnb</subfield></datafield><datafield ind1="7" ind2=" " tag="016"><subfield code="a">87072-9</subfield><subfield code="2">DE-600</subfield></datafield><datafield ind1=" " ind2=" " tag="022"><subfield code="a">0577-5043</subfield></datafield><datafield ind1="1" ind2=" " tag="029"><subfield code="a">AU@</subfield><subfield code="b">000011126263</subfield></datafield><datafield ind1="0" ind2=" " tag="041"><subfield code="a">engchochr</subfield></datafield><datafield ind1=" " ind2=" " tag="042"><subfield code="a">pcc</subfield></datafield><datafield ind1=" " ind2=" " tag="043"><subfield code="a">n-us-tn</subfield></datafield><datafield ind1="0" ind2=" " tag="082"><subfield code="a">970.1</subfield></datafield><datafield ind1="0" ind2="0" tag="245"><subfield code="a">Chahta anumpa =</subfield><subfield code="b">The Choctaw times.</subfield></datafield><datafield ind1="3" ind2="1" tag="246"><subfield code="a">Choctaw times</subfield></datafield><datafield ind1=" " ind2=" " tag="260"><subfield code="a">Nashville, Tenn. :</subfield><subfield code="b">Southeastern Indian Antiquities Survey, Inc.,</subfield><subfield code="c">1968-</subfield></datafield><datafield ind1=" " ind2=" " tag="300"><subfield code="a">v. :</subfield><subfield code="b">ill. ;</subfield><subfield code="c">38 cm.</subfield></datafield><datafield ind1=" " ind2=" " tag="310"><subfield code="a">Irregular</subfield></datafield><datafield ind1="0" ind2=" " tag="362"><subfield code="a">Vol. 1, no. 1 (Apr.-May 1968)-</subfield></datafield><datafield ind1=" " ind2=" " tag="500"><subfield code="a">Editor: Bob Ferguson, 1968-&lt;1971&gt;.</subfield></datafield><datafield ind1=" " ind2=" " tag="500"><subfield code="a">Also available on microfilm from Microfilming Corporation of America.</subfield></datafield><datafield ind1=" " ind2=" " tag="546"><subfield code="a">In English, with some Choctaw and Cherokee.</subfield></datafield><datafield ind1=" " ind2="0" tag="650"><subfield code="a">Choctaw Indians</subfield><subfield code="v">Newspapers.</subfield></datafield><datafield ind1=" " ind2="0" tag="650"><subfield code="a">Cherokee Indians</subfield><subfield code="v">Newspapers.</subfield></datafield><datafield ind1=" " ind2="0" tag="650"><subfield code="a">Indians of North America</subfield><subfield code="z">Tennessee</subfield><subfield code="v">Newspapers.</subfield></datafield><datafield ind1=" " ind2="0" tag="651"><subfield code="a">Nashville (Tenn.)</subfield><subfield code="v">Newspapers.</subfield></datafield><datafield ind1=" " ind2="0" tag="651"><subfield code="a">Davidson County (Tenn.)</subfield><subfield code="v">Newspapers.</subfield></datafield><datafield ind1=" " ind2="7" tag="655"><subfield code="a">Newspapers.</subfield><subfield code="2">fast</subfield><subfield code="0">(OCoLC)fst01423814</subfield></datafield><datafield ind1=" " ind2="7" tag="650"><subfield code="a">Cherokee Indians.</subfield><subfield code="2">fast</subfield><subfield code="0">(OCoLC)fst00853662</subfield></datafield><datafield ind1=" " ind2="7" tag="650"><subfield code="a">Choctaw Indians.</subfield><subfield code="2">fast</subfield><subfield code="0">(OCoLC)fst00858301</subfield></datafield><datafield ind1=" " ind2="7" tag="650"><subfield code="a">Indians of North America.</subfield><subfield code="2">fast</subfield><subfield code="0">(OCoLC)fst00969633</subfield></datafield><datafield ind1=" " ind2="7" tag="651"><subfield code="a">Tennessee.</subfield><subfield code="2">fast</subfield><subfield code="0">(OCoLC)fst01205353</subfield></datafield><datafield ind1=" " ind2="7" tag="651"><subfield code="a">Tennessee</subfield><subfield code="z">Davidson County.</subfield><subfield code="2">fast</subfield><subfield code="0">(OCoLC)fst01205346</subfield></datafield><datafield ind1=" " ind2="7" tag="651"><subfield code="a">Tennessee</subfield><subfield code="z">Nashville.</subfield><subfield code="2">fast</subfield><subfield code="0">(OCoLC)fst01204195</subfield></datafield><datafield ind1="2" ind2=" " tag="710"><subfield code="a">Southeastern Indian Antiquities Survey.</subfield></datafield><datafield ind1=" " ind2=" " tag="752"><subfield code="a">United States</subfield><subfield code="b">Tennessee</subfield><subfield code="c">Davidson</subfield><subfield code="d">Nashville.</subfield></datafield></record>